@article{jiang-cooley,
    author = {Jiang, Y. and Cooley, D. and  Wehner, M.F.},
    title = {Principal Component Analysis for Extremes and Application to
    U.S. Precipitation},
    journal = {Journal of Climate},
    volume = {33},
    number = {15},
    pages = {6441–6451},
    year = {2020},
    DOI = {https://doi.org/10.1175/JCLI-D-19-0413.1}
}

@article{cooley-thibaud,
    author = {Cooley, D. and Thibaud, E.},
    title = {Decompositions of dependence for high-dimensional extremes},
    journal = {Biometrika},
    volume = {106},
    number = {3},
    pages = {587-604},
    year = {2019},
    month = {06},
    issn = {0006-3444},
    DOI = {https://doi.org/10.1093/biomet/asz028}
}

@book{resnick2007,
    author = {Sidney I. Resnick},
    title = {Heavy-Tail Phenomena. Probabilistic and Statistical Modeling},
    series = {Springer Series in Operations Research and Financial Engineering},
    publisher = {Springer New York, NY},
    year = {2007},
    isbn = {978-0-387-24272-9},
    DOI = {https://doi.org/10.1007/978-0-387-45024-7}
}

@book{johnson-wichern,
    author = {Johnson, R.A. and Wichern, D.W.},
    title = {Applied Multivariate Statistical Analysis},
    series = {Applied Multivariate Statistical Analysis},
    publisher = {Pearson Prentice Hall},
    pages = {80},
    year = {2007},
    isbn = {9780131877153},
    url={https://books.google.es/books?id=gFWcQgAACAAJ}
}

@book{joliffe,
    author = {I. T. Jolliffe},
    title = {Principal Component Analysis},
    series = {Springer Series in Statistics},
    publisher = {Springer New York, NY},
    year = {2002},
    isbn = {978-0-387-95442-4},
    DOI = {https://doi.org/10.1007/b98835}
}

@book{wilks,
    author = {Wilks, D.},
    title = {Statistical Methods in the Atmospheric Sciences},
    publisher = {Elsevier},
    edition = {Fourth Edition},
    year = {2019},
    isbn = {978-0-12-815823-4},
    DOI = {https://doi.org/10.1016/B978-0-12-815823-4.09987-9}
}
        
@book{hotelling1933,
    author = {Hotelling, H.},
    title = {Analysis of a complex of statistical variables into principal
             components},
    publisher = {Journal of Educational Psychology},
    year = {1933},
    volume = {24},
    number = {6},
    pages = {417–441},
    DOI = {https://doi.org/10.1037/h0071325}
}

    
